@article{IEEE-754,
	author={V Rajaraman},
	title={IEEE Standard for Floating Point Numbers},
	journal={Resonance},
	year=2016,
	month={January},
	url={https://www.ias.ac.in/article/fulltext/reso/021/01/0011-0030}
}
